[gd_scene load_steps=12 format=2]

[ext_resource path="res://assets/ClawPlayerIce.png" type="Texture" id=1]
[ext_resource path="res://assets/CreeperPixelRegular-DMYx.ttf" type="DynamicFontData" id=2]
[ext_resource path="res://assets/Play_Btn.png" type="Texture" id=3]
[ext_resource path="res://assets/Clawler_Logo.png" type="Texture" id=4]
[ext_resource path="res://assets/Transgender_Pride_flag.svg" type="Texture" id=5]
[ext_resource path="res://Screens/Menu.gd" type="Script" id=6]
[ext_resource path="res://assets/pride_pixelhasi.png" type="Texture" id=7]

[sub_resource type="DynamicFont" id=1]
size = 46
font_data = ExtResource( 2 )

[sub_resource type="Animation" id=2]
length = 0.001
tracks/0/type = "value"
tracks/0/path = NodePath("credits:rect_position")
tracks/0/interp = 1
tracks/0/loop_wrap = true
tracks/0/imported = false
tracks/0/enabled = true
tracks/0/keys = {
"times": PoolRealArray( 0 ),
"transitions": PoolRealArray( 1 ),
"update": 0,
"values": [ Vector2( 1588, 808 ) ]
}
tracks/1/type = "value"
tracks/1/path = NodePath("credits:rect_rotation")
tracks/1/interp = 1
tracks/1/loop_wrap = true
tracks/1/imported = false
tracks/1/enabled = true
tracks/1/keys = {
"times": PoolRealArray( 0 ),
"transitions": PoolRealArray( 1 ),
"update": 0,
"values": [ 0.0 ]
}
tracks/2/type = "value"
tracks/2/path = NodePath("credits:rect_scale")
tracks/2/interp = 1
tracks/2/loop_wrap = true
tracks/2/imported = false
tracks/2/enabled = true
tracks/2/keys = {
"times": PoolRealArray( 0 ),
"transitions": PoolRealArray( 1 ),
"update": 0,
"values": [ Vector2( 1, 1 ) ]
}

[sub_resource type="Animation" id=3]
resource_name = "creditwobble"
loop = true
tracks/0/type = "value"
tracks/0/path = NodePath("credits:rect_rotation")
tracks/0/interp = 2
tracks/0/loop_wrap = true
tracks/0/imported = false
tracks/0/enabled = true
tracks/0/keys = {
"times": PoolRealArray( 0, 0.25, 0.5, 0.75 ),
"transitions": PoolRealArray( 1, 1, 1, 1 ),
"update": 0,
"values": [ 0.0, 4.0, 0.0, -4.0 ]
}
tracks/1/type = "value"
tracks/1/path = NodePath("credits:rect_scale")
tracks/1/interp = 2
tracks/1/loop_wrap = true
tracks/1/imported = false
tracks/1/enabled = true
tracks/1/keys = {
"times": PoolRealArray( 0, 0.25, 0.5, 0.75 ),
"transitions": PoolRealArray( 1, 1, 1, 1 ),
"update": 0,
"values": [ Vector2( 1, 1 ), Vector2( 1.05, 1.05 ), Vector2( 1.05, 1.05 ), Vector2( 1, 1 ) ]
}
tracks/2/type = "value"
tracks/2/path = NodePath("credits:rect_position")
tracks/2/interp = 1
tracks/2/loop_wrap = true
tracks/2/imported = false
tracks/2/enabled = true
tracks/2/keys = {
"times": PoolRealArray( 0 ),
"transitions": PoolRealArray( 1 ),
"update": 0,
"values": [ Vector2( 1354, 562 ) ]
}

[sub_resource type="DynamicFont" id=4]
size = 64
font_data = ExtResource( 2 )

[node name="Menu" type="Control"]
anchor_right = 1.0
anchor_bottom = 1.0
script = ExtResource( 6 )

[node name="ColorRect" type="ColorRect" parent="."]
margin_right = 1920.0
margin_bottom = 1080.0
color = Color( 0.454902, 0.317647, 0.427451, 1 )

[node name="title" type="Sprite" parent="."]
position = Vector2( 1024, 264 )
scale = Vector2( 0.509962, 0.50997 )
texture = ExtResource( 4 )

[node name="flag" type="Sprite" parent="."]
position = Vector2( 98.0078, 1031 )
scale = Vector2( 0.234981, 0.234985 )
texture = ExtResource( 5 )

[node name="cat" type="Sprite" parent="."]
position = Vector2( 104, 1024 )
scale = Vector2( 1.625, 1.625 )
texture = ExtResource( 1 )

[node name="Play" type="Button" parent="."]
margin_left = 896.0
margin_top = 712.0
margin_right = 1144.0
margin_bottom = 816.0

[node name="Sprite" type="Sprite" parent="Play"]
position = Vector2( 120, 56 )
scale = Vector2( 0.26, 0.26 )
texture = ExtResource( 3 )

[node name="credits" type="Label" parent="."]
margin_left = 1588.0
margin_top = 808.0
margin_right = 1896.0
margin_bottom = 1057.0
rect_pivot_offset = Vector2( 153, 140 )
custom_fonts/font = SubResource( 1 )
text = "A game developed for hasi
Game Jam #6 2022 by

Felix Eckert
Moe
Tiger
xqtc"
align = 1

[node name="AnimationPlayer" type="AnimationPlayer" parent="."]
autoplay = "creditwobble"
anims/RESET = SubResource( 2 )
anims/creditwobble = SubResource( 3 )

[node name="ostlink" type="RichTextLabel" parent="."]
margin_left = 186.0
margin_top = 571.0
margin_right = 456.0
margin_bottom = 672.0
custom_fonts/normal_font = SubResource( 4 )
bbcode_enabled = true
bbcode_text = "[url=https://soundcloud.com/dumpofsubstance/sets/clawler-ost]Soundtrack[/url]
on Soundcloud"
text = "Soundtrack
on Soundcloud"

[node name="pridehasi" type="Sprite" parent="."]
position = Vector2( 252.045, 1031 )
scale = Vector2( 8.54545, 8.54545 )
texture = ExtResource( 7 )

[connection signal="pressed" from="Play" to="." method="_on_Play_pressed"]
[connection signal="meta_clicked" from="ostlink" to="." method="_on_ostlink_meta_clicked"]
